@paper{Neovision,
  author =       {Amine Chadli and Etienne Balit and Pierre Arquier for Neovision and
                 Guillaume Delubac and Emmanuel Bercierand and Xavier Brenière for Lynred},
  title =        "\href{https://neovision.fr/wp-content/uploads/2022/01/sia_vision_paper2020_final-2_compressed.pdf}{Gated Multimodal Fusion for Visible-Thermal Pedestrian Detection}",
  pages =        "3--4",
  year =         "2020",
  url =          "https://neovision.fr/wp-content/uploads/2022/01/sia_vision_paper2020_final-2_compressed.pdf"
}

@website{FRSO,
    author    = "French Road Safety Observatory",
    title     = "\href{https://www.onisr.securite-routiere.gouv.fr/sites/default/files/2022-02/20220201%20ONISR%20Road%20safety%202021%20ENG%20vMS.pdf}{Bilan de l'année 2021}",
    year      = "2021"
    }
 
 @website{Wiki_colorspace,
    author    = "Wikipedia",
    title = {"List of the color spaces and their uses"},
    url = "https://en.wikipedia.org/wiki/List_of_color_spaces_and_their_uses"
 }
 

 @website{sinestesia,
    author    = "Diego Gangl",
    title = "\href{https://sinestesia.co/blog/tutorials/python-cube-matrices/}{"Meshes with Python & Blender: Cubes and Matrices"}",
    url = "https://sinestesia.co/blog/tutorials/python-cube-matrices/"
 }

 @website{opencv,
    author  = "OpenCv",
    title = {"StereoSGBM, Class"},
    url = "https://docs.opencv.org/3.4/d1/d9f/classcv_1_1stereo_1_1StereoBinarySGBM.html"
 }

 @website{IDS,
    author  = "IDS3D",
    title = "\href{https://fr.ids-imaging.com/whitepaper-details/whitepaper-depth-information-3d-images.html}{"Données 3D grâce à la stéréovision"}",
    url = "https://fr.ids-imaging.com/whitepaper-details/whitepaper-depth-information-3d-images.html"
 }

@paper{ACVNet,
  author =       {GangWei Xu (Huazhong University of Science and Technology)},
  title =        "\href{http://www.cvlibs.net/datasets/kitti/eval_scene_flow_detail.php?benchmark=stereo&result=be440a5d507459a31ea6b3afc2018b9c0f352538"}{Attention Concatenation Volume for Accurate and Efficient Stereo Matching [ACVNet]}",
  year =         "2021",
  url =          "http://www.cvlibs.net/datasets/kitti/eval_scene_flow_detail.php?benchmark=stereo&result=be440a5d507459a31ea6b3afc2018b9c0f352538"}



@paper{monodepth,
  author =       {Clément Godard and Oisin Mac Aodha and Michael Firman and Gabriel Brostow},
  title =        "\href{https://arxiv.org/abs/1806.01260}{"Digging Into Self-Supervised Monocular Depth Estimation"}",
  year =         "2019",
  url =          "https://arxiv.org/abs/1806.01260"
}

@paper{SGBM,
  author =       {Heiko Hirschmuller},
  title =        "\href{https://ieeexplore.ieee.org/document/4359315}{Stereo Processing by Semiglobal Matching and Mutual Information}",
  year =         "2008",
  url =          "https://ieeexplore.ieee.org/document/4359315"
  }

 @website{telecom,
    author    = "L. Itti & C. Koch, Computation and Neural Systems Program, California Institute of Technology, Pasadena, CA, USA, E. Niebur
Krieger Mind Brain Institute, Johns Hopkins University, Baltimore, MD, USA",
    title = "\href{https://ieeexplore.ieee.org/document/730558/authors#authors}{"A model of saliency-based visual attention for rapid scene analysis"}",
    year = "November 1998",
    url = "https://ieeexplore.ieee.org/document/730558/authors#authors"
    }

 @website{rgpd,
    author    = "European Parliament and Council of the European Union",
    year = "2016",
    title = "\href{https://eur-lex.europa.eu/eli/reg/2016/679/oj}{"General Data Protection Regulation"}",
    url = "https://eur-lex.europa.eu/eli/reg/2016/679/oj"
    }
    